<?xml version="1.0" encoding="UTF-8"?><collection xmlns="http://www.loc.gov/MARC21/slim"><record><leader>00662nam--2200193-i-4500</leader><controlfield tag="001">000029730</controlfield><controlfield tag="002">20161230</controlfield><controlfield tag="005">20161230201037</controlfield><controlfield tag="008">060222s1000------------r-----000-0-eng-d</controlfield><datafield ind1=" " ind2=" " tag="040"><subfield code="a">IFIN-HH</subfield></datafield><datafield ind1=" " ind2=" " tag="080"><subfield code="a">539.12.17:539.141.1(075.9)</subfield></datafield><datafield ind1="1" ind2=" " tag="100"><subfield code="a">Kuo, T.T.S./S.A.</subfield></datafield><datafield ind1="1" ind2="0" tag="245"><subfield code="a">Lecture note in physics. vol. 144. topics in nuclear physics i. a comprehensive review of recent developments. proceedings, beijing (peking), china, 1980</subfield><subfield code="c">T.t.s. kuo, s.s.m. wong (eds.)</subfield></datafield><datafield ind1=" " ind2=" " tag="260"><subfield code="a">Berlin</subfield><subfield code="b">Springer-verlag</subfield><subfield code="c">1981</subfield></datafield><datafield ind1=" " ind2=" " tag="300"><subfield code="a">XI+567P</subfield></datafield><datafield ind1=" " ind2=" " tag="490"><subfield code="a">Lecture Note In Physics, 144</subfield></datafield><datafield ind1="1" ind2=" " tag="700"><subfield code="a">Wong, S.S.M</subfield><subfield code="e">Ed</subfield></datafield><datafield ind1=" " ind2=" " tag="852"><subfield code="a">33191</subfield><subfield code="c">53</subfield></datafield><datafield ind1=" " ind2=" " tag="CAT"><subfield code="a">Sys</subfield><subfield code="c">20150305</subfield><subfield code="h">132621</subfield></datafield></record></collection>